% Include entries that you actually cite. Do not copy here your whole bib-file.

@Article{Bailyn2004,
  author    = {John F. Bailyn},
  title     = {Generalized inversion},
  journal   = {Natural Language \& Linguistic Theory},
  year      = {2004},
  volume    = {22},
  number    = {1},
  pages     = {1-49},
  doi = {10.1023/B:NALA.0000005556.40898.a5}
}


@BOOK{Comrie1981,
  author = {Bernard Comrie},
  year = {1981},
  title = {Language Universals and Linguistic Typology},
  address = {Oxford},
  publisher = {Basil Blackwell}
}

@BOOK{Chomsky1957,
  author = {Noam Chomsky},
  year = {1957},
  title = {Syntactic structures},
  address = {The Hague},
  publisher = {Mouton}
}


@BOOK{Circov1900,
  author = {Ćircov, Boban},
  sortname={Circov},
  year = {1957},
  title = {Test book},
  address = {The Hague},
  publisher = {Mouton}
}

@misc{Coppock.Champollion2022,
  author    = {Elizabeth Coppock and Lucas Champollion},
  title     = {Invitation to formal semantics},
  howpublished = {Manuscript, Boston University and New York University},
  year      = {2022},
  url       = {https://eecoppock.info/bootcamp/semantics-boot-camp.pdf},
}

@Book{Heim.Kratzer1998,
  author           = {Irene Heim and Angelika Kratzer},
  publisher        = {Blackwell Publishers},
  title            = {Semantics in generative grammar},
  year             = {1998},
  address          = {Oxford},
  citedin          = {osl1;osl5},
  doi              = {10.2307/417746},
  modificationdate = {2022-03-31T11:20:12},
  owner            = {radeksimik},
}

@misc{Nordhoff2018,
  author = {Sebastian Nordhoff},
  year = {2018},
  title = {BibTeX generator},
  url = {http://glottotopia.org/doc2tex/doc2bib},
  note = {Follow the link to generate BibTeX} 
}

@unpublished{VandenWyngaerd2017,
author = {Guido {Vanden Wyngaerd}},
year = {2017},
title = {Forest quickstart guide},
url = {https://ling.auf.net/lingbuzz/003391},
}

@Unpublished{leipzig-glossing-rules,
  author    = {Balthasar Bickel and Bernard Comrie and Martin Haspelmath},
  title     = {The {Leipzig} glossing rules: {Conventions} for interlinear morpheme-by-morpheme glosses},
  note      = {University of Leipzig and Max Planck Institute for Evolutionary Anthropology},
  year      = {2015},
  address   = {Leipzig},
  owner     = {radeksimik},
  timestamp = {2019-06-27},
  url       = {https://www.eva.mpg.de/lingua/pdf/Glossing-Rules.pdf},
}


@Misc{Nordhoff.Muller2021,
  author       = {Sebastian Nordhoff and Stefan Müller},
  howpublished = {Language Science Press},
  title        = {Language {Science} {Press} guidelines: Complete set of guidelines},
  year         = {2021},
  owner        = {radeksimik},
  timestamp    = {2021-06-17},
  url          = {http://langsci.github.io/guidelines/latexguidelines/LangSci-guidelines.pdf},
}
