% Encoding: UTF-8

@Misc{rstanarm,
    title = {rstanarm: {Bayesian} applied regression modeling via {Stan}.},
    author = {Ben Goodrich and Jonah Gabry and Imad Ali and Sam Brilleman},
    note = {R package version 2.21.3},
    year = {2022},
    url = {https://mc-stan.org/rstanarm/},
}


@article{stechow1984comparing,
  title={Comparing semantic theories of comparison},
  author={Stechow, Arnim von},
  journal={Journal of semantics},
  volume={3},
  number={1-2},
  pages={1--77},
  year={1984},
  publisher={Citeseer}
}

@article{beck201913,
  title={13 Comparison constructions},
  author={Beck, Sigrid},
  journal={Semantics-Lexical Structures and Adjectives},
  pages={415},
  year={2019},
  publisher={Walter de Gruyter GmbH \& Co KG}
}


@book{tottie1991negation,
  title={Negation in English speech and writing: A study in variation},
  author={Tottie, Gunnel},
  volume={4},
  year={1991},
  publisher={Academic Press}
}


@article{crnivc2014non,
  title={Non-monotonicity in NPI licensing},
  author={Crni{\v{c}}, Luka},
  journal={Natural Language Semantics},
  volume={22},
  number={2},
  pages={169--217},
  year={2014},
  publisher={Springer}
}


@article{schwarz2020italian,
  title={Do Italian factives entail their presupposition? Yes, but...},
  author={Schwarz, Florian and Dj{\"a}rv, Kajsa and Zehr, J{\'e}r{\'e}my},
  journal={Making worlds accessible. Essays in honor of Angelika Kratzer},
  pages={150},
  year={2020},
  publisher={ScholarWorks at UMass Amherst}
}

@inproceedings{djarv2018cognitive,
  title={Cognitive vs. emotive factives: An experimental differentiation},
  author={Dj{\"a}rv, Kajsa and Zehr, J{\'e}r{\'e}my and Schwarz, Florian},
  booktitle={Proceedings of Sinn und Bedeutung},
  volume={21},
  number={1},
  pages={367--386},
  year={2018}
}


@incollection{chierchia2019factivity,
  title={Factivity meets polarity: On two differences between {I}talian versus {E}nglish factives},
  author={Chierchia, Gennaro},
  booktitle={The semantics of plurals, focus, degrees, and times},
  pages={111--134},
  year={2019},
  publisher={Springer}
}


@incollection{gajewski2014comments,
  title={Comments on negative polarity items in definite description},
  author={Gajewski, Jon and Hsieh, I-ta Chris},
  booktitle={The art and craft of semantics: A Festschrift for Irene Heim},
  editor={Luka Crni\v{c} and Uli Sauerland},
  volume={1},
  pages={181--198},
  publisher={MIT},
  year={2014}
}

@incollection{gajewski2016another,
  title={Another look at {NPI}s in definite descriptions: An experimental approach},
  author={Gajewski, Jon},
  editor={P. Larrivée and C. Lee},
  booktitle={Negation and polarity: experimental perspectives},
  pages={307--327},
  year={2016},
  publisher={Springer}
}


@inproceedings{alexandropoulou2020there,
  title={Is there \textit{any} licensing in non-{DE} contexts? {A}n experimental study},
  author={Alexandropoulou, Stavroula and Bylinina, Lisa and Nouwen, Rick},
  booktitle={Proceedings of Sinn und Bedeutung},
  editor={M. {Franke} and others},
  volume={24},
  number={1},
  pages={35--47},
  year={2020}
}


@article{Chemla-Homer-Rothschild-NPI,
	abstract = {The presupposition triggered by an expression E is generally satisfied by information that comes before rather than after E in the sentence or discourse. In Heim's classic theory (1983), this left-right asymmetry is encoded in the lexical semantics of dynamic connectives and operators. But several recent analyses offer a more nuanced approach, in which presupposition satisfaction has two separate components: a general principle (which varies from theory to theory) specifies under what conditions a presupposition triggered by an expression E is satisfied; and an `incremental' component specifies that the principle must be checked on the basis of information that comes before E. Several researchers take this incremental component to be a processing bias, which can be overcome at some cost. If so, it should be possible, though costly, to satisfy presuppositions `symmetrically', i.e. taking into account linguistic material that comes both before and after the presupposition trigger. We test this claim with experimental means. Using inferential (and to some extent acceptability) tasks involving `anaphoric' triggers, we show that in the propositional case symmetric readings are indeed possible (albeit degraded) in environments involving the connectives if, or and unless.},
	author = {Emmanuel Chemla and Vincent Homer and Daniel Rothschild},
	date-added = {2011-09-06 21:24:06 +0200},
	date-modified = {2017-02-23 23:03:03 +0000},
	doi = {10.1007/s10988-012-9106-0},
	journal = {Linguistics and Philosophy},
	number = {6},
	pages = {537-570},
	title = {Modularity and intuitions in formal semantics: the case of polarity items},
	url = {http://www.emmanuel.chemla.free.fr/Material/Chemla-Homer-Rothschild-NPI.pdf},
	volume = {34},
	year = {2011},
	bdsk-url-1 = {http://dx.doi.org/10.1007/s10988-012-9106-0}}


@misc{CNK:SYN2015,
 title = {{SYN2015}: representative corpus of written Czech},
 author = {K{\v r}en, Michal and Cvr{\v c}ek, V{\'a}clav and {\v C}apka, Tom{\'a}{\v s} and {\v C}erm{\'a}kov{\'a}, Anna and Hn{\'a}tkov{\'a}, Milena and Chlumsk{\'a}, Lucie and Kov{\'a}{\v r}{\'{\i}}kov{\'a}, Dominika and Jel{\'{\i}}nek, Tom{\'a}{\v s} and Petkevi{\v c}, Vladim{\'{\i}}r and Proch{\'a}zka, Pavel and Skoumalov{\'a}, Hana and {\v S}krabal, Michal and Trune{\v c}ek, Petr and Vond{\v r}i{\v c}ka, Pavel and Zasina, Adrian},
 url = {http://hdl.handle.net/11234/1-1593},
 note = {{LINDAT}/{CLARIAH}-{CZ} digital library at the Institute of Formal and Applied Linguistics ({{\'U}FAL}), Faculty of Mathematics and Physics, Charles University},
 copyright = {Czech National Corpus (Shuffled Corpus Data)},
 year = {2015} }

@Book{Bauer:1986,
  Title                    = {Historická mluvnice češtiny},
  Author                   = {Bauer, J. and A. Lamprecht and D. Šlosar},
  Publisher                = {SPN},
  Adress                  = {Praha},
  Year                     = {1986}
}

@Book{Kopecny:1952,
  Title                    = {Etymologický slovník jazyka českého},
  Author                   = {Holub, Josef and František Kopečný},
  Publisher                = {SNUvP},
  Adress                  = {Praha},
  Year                     = {1952}
}

@article{burnett2015variable,
  title={The variable grammar of negative concord in Montr{\'e}al French},
  author={Burnett, Heather and Tremblay, Mireille and Blondeau, H{\'e}l{\`e}ne},
  journal={University of Pennsylvania Working Papers in Linguistics},
  volume={21},
  number={2},
  pages={3},
  year={2015}
}

@article{burnett2018structural,
  title={Structural explanations in syntactic variation: The evolution of English negative and polarity indefinites},
  author={Burnett, Heather and Koopman, Hilda and Tagliamonte, Sali A},
  journal={Language Variation and Change},
  volume={30},
  number={1},
  pages={83--107},
  year={2018},
  publisher={Cambridge University Press}
}


 @Misc{r-ordinal,
    title = {ordinal---Regression Models for Ordinal Data },
    author = {R. H. B. Christensen},
    year = {2019},
    note = {R package version 2019.12-10. https://CRAN.R-project.org/package=ordinal},
  }

@phdthesis{sudo2012semantics,
  title={On the semantics of phi features on pronouns},
  author={Sudo, Yasutada},
  year={2012},
  school={Massachusetts Institute of Technology}
}

@inproceedings{gajewski2008more,
  title={More on quantifiers in comparative clauses},
  author={Gajewski, Jon},
  booktitle={Semantics and Linguistic Theory},
  volume={18},
  pages={340--357},
  year={2008}
}


@Article{lmerTest,
    title = {{lmerTest} Package: Tests in Linear Mixed Effects Models},
    author = {Alexandra Kuznetsova and Per B. Brockhoff and Rune H. B. Christensen},
    journal = {Journal of Statistical Software},
    year = {2017},
    volume = {82},
    number = {13},
    pages = {1--26},
    doi = {10.18637/jss.v082.i13},
  }

@Article{lme4,
    title = {Fitting Linear Mixed-Effects Models Using {lme4}},
    author = {Douglas Bates and Martin M{\"a}chler and Ben Bolker and Steve Walker},
    journal = {Journal of Statistical Software},
    year = {2015},
    volume = {67},
    number = {1},
    pages = {1--48},
    doi = {10.18637/jss.v067.i01},
  }

@article{pauline1995quantificational,
  title={On the Quantificational Force of Free Relatives},
  author={Jacobson, Pauline},
  year={1995},
  publisher={Kluwer, Dordrecht}
}


@article{dovcekal2019pragmatic,
  title={Pragmatic licensing of Czech superstrong negative polarity items: an experimental study},
  author={Do{\v{c}}ekal, Mojm{\'\i}r and {\v{S}}afratov{\'a}, Iveta},
  journal={Studies in Polish Linguistics},
  volume={1},
  year={2019}
}


@article{zeijlstra2017universal,
  title={Universal quantifier ppis},
  author={Zeijlstra, Hedde},
  journal={Glossa: a journal of general linguistics},
  volume={2},
  number={1},
  year={2017},
  publisher={Open Library of Humanities}
}


@inproceedings{penka2016degree,
  title={Degree equatives-the same as comparatives},
  author={Penka, Doris},
  booktitle={Workshop on Equative Constructions. University of Cologne},
  year={2016}
}


@article{seuren1984comparative,
  title={The comparative revisited},
  author={Seuren, Pieter AM},
  journal={Journal of Semantics},
  volume={3},
  number={1},
  pages={109--141},
  year={1984}
}



@article{ovalle2004double,
  title={Double negatives, negative concord and metalinguistic negation},
  author={Ovalle, Luis Alonso and Guerzoni, Elena},
  journal={Proceedings of CLS},
  volume={38},
  number={1},
  pages={15--31},
  year={2004},
  publisher={Citeseer}
}

@article{kuhn2022dynamics,
  title={The dynamics of negative concord},
  author={Kuhn, Jeremy},
  journal={Linguistics and Philosophy},
  volume={45},
  number={1},
  pages={153--198},
  year={2022},
  publisher={Springer}
}


@article{panizza2020minimal,
  title={Minimal sufficiency with covert even},
  author={Panizza, Daniele and Sudo, Yasutada},
  journal={Glossa},
  volume={5},
  number={1},
  year={2020}
}


@article{krifka1992some,
  title={Some remarks on polarity items},
  author={Krifka, Manfred},
  journal={Semantic universals and universal semantics},
  pages={150--189},
  year={1992},
  publisher={Foris Berlin}
}


@article{de1998licensing,
  title={Licensing of negative polarity items under inverse scope},
  author={De Swart, Henri{\"e}tte},
  journal={Lingua},
  volume={105},
  number={3-4},
  pages={175--200},
  year={1998},
  publisher={Elsevier}
}

@book{van2002negative,
  title={Negative contexts: Collocation, polarity and multiple negation},
  author={Van der Wouden, Ton},
  year={2002},
  publisher={Routledge}
}

@article{geurts2005monotonicity,
  title={Monotonicity and processing load},
  author={Geurts, Bart and van Der Slik, Frans},
  journal={Journal of semantics},
  volume={22},
  number={1},
  pages={97--117},
  year={2005},
  publisher={Oxford University Press}
}

@article{baker1970double,
  title={Double negatives},
  author={Baker, C Lee},
  journal={Linguistic inquiry},
  volume={1},
  number={2},
  pages={169--186},
  year={1970},
  publisher={JSTOR}
}

@phdthesis{uribe1994interface,
  title={Interface licensing conditions on negative polarity items: A theory of polarity and tense interactions},
  author={Uribe-Echevarria, Maria},
  school = {University of Connecticut},
  year={1994}
}

@inproceedings{homer2008disruption,
  title={Disruption of NPI licensing: The case of presuppositions},
  author={Homer, Vincent},
  booktitle={Semantics and Linguistic Theory},
  volume={18},
  pages={429--446},
  year={2008}
}

@article{linebarger1987negative,
  title={Negative polarity and grammatical representation},
  author={Linebarger, Marcia C},
  journal={Linguistics and philosophy},
  volume={10},
  number={3},
  pages={325--387},
  year={1987},
  publisher={Springer}
}

@inproceedings{rullmann1996two,
  title={Two types of negative polarity items},
  author={Rullmann, Hotze},
  booktitle={Proceedings of NELS},
  volume={26},
  pages={335--350},
  year={1996},
  organization={University of Massachusetts}
}

@book{giannakidou1998polarity,
	title={Polarity sensitivity as (non) veridical dependency},
	author={Giannakidou, Anastasia},
	volume={23},
	year={1998},
	publisher={John Benjamins Publishing}
}

@BOOK{Blasczak:2001,
	title = {Investigation into the interaction between the indefinites and negation.
	vol. 51: Studia Grammatica},
	publisher = {Akademie Verlag},
	year = {2001},
	author = {B\l{}aszczak, Joanna},
	address = {Berlin},
	owner = {mojmir},
	timestamp = {2009.04.08}
}

@article{heim1991articles,
	title={Articles and definiteness},
	author={Heim, Irene},
	journal={Semantics: An international handbook of contemporary research},
	pages={487--535},
	year={1991}
}

@phdthesis{crnic2011getting,
	title={Getting even},
	author={Crnič, Luka},
	year={2011},
	school={MIT}
}

@inproceedings{docekalsafratovaoli,
	author = {Do{\v{c}}ekal and {\v{S}}afratov{\'{a}}, Iveta},
	booktitle = {Olinco, Olomouc},
	keywords = {formal semantics; NPIs; Czech; experimental semantics},
	title = {\textit{even} Hypothesis of NPIs Licensing: an Experimental Study},
	year = {2018}
}


@inproceedings{docekaldotlacilsubber,
	author = {Dočekal and Dotlačil, Jakub},
	booktitle = {Sinn und Bedeutung, Berlin},
	language = {eng},
	title = {Strong NPIs vs. n-words: acceptability experiment in Czech},
	url = {https://sinnundbedeutung22.wordpress.com/},
	year = {2017}
}


@inproceedings{docekaldotlacilsubedinb,
	author = {Do\v{c}ekal and Dotla\v{c}il, Jakub},
	booktitle = {Sinn und Bedeutung, Edinburgh},
	keywords = {formal semantics; Neg-raising; Czech; experimental semantics},
	language = {eng},
	title = {When is not-believing believing that not?},
	year = {2016}
}


@article{kadmon1993any,
	title={Any},
	author={Kadmon, Nirit and Landman, Fred},
	journal={Linguistics and philosophy},
	volume={16},
	number={4},
	pages={353--422},
	year={1993},
	publisher={Springer}
}


@article{krifka1995semantics,
  title={The semantics and pragmatics of polarity items},
  author={Krifka, Manfred},
  journal={Linguistic analysis},
  volume={25},
  number={3-4},
  pages={209--257},
  year={1995}
}

@inproceedings{heim1984note,
  title={A note on negative polarity and downward entailingness},
  author={Heim, Irene},
  booktitle={Proceedings of NELS},
  volume={14},
  number={1983},
  pages={98--107},
  year={1984}
}


@inproceedings{fualuaus2016fragment,
  title={Fragment answers and double negation in strict negative concord languages},
  author={F{\u{a}}l{\u{a}}uș, Anamaria and Nicolae, Andreea},
  booktitle={Semantics and Linguistic Theory},
  volume={26},
  pages={584--600},
  year={2016}
}


@article{romoli2013scalar,
  title={A scalar implicature-based approach to neg-raising},
  author={Romoli, Jacopo},
  journal={Linguistics and philosophy},
  volume={36},
  number={4},
  pages={291--353},
  year={2013},
  publisher={Springer}
}


@phdthesis{romoli2012soft,
  title={Soft but strong. Neg-raising, soft triggers, and exhaustification},
  author={Romoli, Jacopo},
  year={2012},
  school={Harvard University}
}


@article{horn1973semantic,
  title={On the semantic properties of logical operators in English.},
  author={Horn, Laurence Robert},
  year={1973}
}


@article{dovcekal2016experimentala,
  title={Experimental evidence for neg-raising in Slavic},
  author={Do{\v{c}}ekal and Dotla{\v{c}}il, Jakub},
  journal={Linguistica},
  volume={56},
  number={1},
  pages={93},
  year={2016},
  publisher={University of Ljubljana, Faculty of Arts}
}


@article{progovac1993negative,
  title={Negative polarity: Entailment and binding},
  author={Progovac, Ljiljana},
  journal={Linguistics and Philosophy},
  volume={16},
  number={2},
  pages={149--180},
  year={1993},
  publisher={Springer}
}


@article{zeijlstra2008negative,
  title={Negative concord is syntactic agreement},
  author={Zeijlstra, Hedde},
  journal={Ms., University of Amsterdam},
  volume={5},
  pages={113},
  year={2008}
}


@book{giannakidou1997landscape,
  title={The landscape of polarity items},
  author={Giannakidou, Anastasia},
  year={1997},
  publisher={Rijksuniversiteit}
}


@inproceedings{ladusaw1992expressing,
  title={Expressing negation},
  author={Ladusaw, William A},
  booktitle={Semantics and linguistic theory},
  volume={2},
  pages={237--260},
  year={1992}
}


@article{beck2011comparison,
  title={Comparison constructions},
  author={Beck, Sigrid},
  year={2011}
}

@article{giannakidou2017landscape,
  title={The landscape of negative dependencies: negative concord and n-words},
  author={Giannakidou, Anastasia and Zeijlstra, Hedde},
  journal={Linguistics companion, 2nd edition. New York: Blackwell},
  year={2017}
}


@book{chierchia2013logic,
	author = {Chierchia, Gennaro},
	publisher = {OUP Oxford},
	title = {Logic in grammar: Polarity, free choice, and intervention},
	x-fetchedfrom = {Google Scholar},
	year = {2013}
}

@article{gajewski2011licensing,
	author = {Gajewski, Jon R},
	journal = {Natural Language Semantics},
	number = {2},
	pages = {109--148},
	publisher = {Springer},
	title = {Licensing strong NPIs},
	volume = {19},
	x-fetchedfrom = {Google Scholar},
	year = {2011}
}

@article{giannakidou2017landscape,
	author = {Giannakidou, Anastasia and Zeijlstra, Hedde},
	journal = {Linguistics companion, 2nd edition. New York: Blackwell},
	title = {The landscape of negative dependencies: negative concord and n-words},
	x-fetchedfrom = {Google Scholar},
	year = {2017}
}

@book{havranek1960slovnik,
	author = {Havr{\'a}nek, Bohuslav and others},
	publisher = {Nakl. {\v C}eskoslovensk{\'e} akademie v{\v e}d},
	title = {Slovn\'{\i}k spisovn{\'e}ho jazyka {\v c}esk{\'e}ho},
	year = {1960}
}

@article{lahiri1998focus,
	author = {Lahiri, Utpal},
	journal = {Natural language semantics},
	number = {1},
	pages = {57--123},
	publisher = {Springer},
	title = {Focus and negative polarity in Hindi},
	volume = {6},
	year = {1998}
}

@phdthesis{laka1990negation,
	author = {Laka, Itziar},
	school = {Massachusetts Institute of Technology},
	title = {Negation in syntax--on the nature of functional categories and projections},
	year = {1990}
}

@book{zeijlstra2004sentential,
	author = {Zeijlstra, Hedde},
	publisher = {LOT/ACLC},
	title = {Sentential negation and negative concord},
	year = {2004}
}

@incollection{zwarts1998three,
	author = {Zwarts, Frans},
	booktitle = {Plurality and quantification},
	pages = {177--238},
	publisher = {Springer},
	title = {Three types of polarity},
	year = {1998}
}

@incollection{gajic,
	author = {Jovana Gajić},
	booktitle = {N-words and the Wide Scope Illusion},
	pages = {128--138},
	publisher = {Cascadilla Proceedings Project},
	title = {Proceedings of the 33rd West Coast Conference on Formal Linguistics},
	year = {2016}
}


@article{crnivc2014against,
	author = {Crni{\v c}, Luka},
	journal = {The Art and Craft of Semantics: A Festschrift for Irene Heim},
	pages = {117--145},
	title = {Against a Dogma on NPI licensing},
	volume = {1},
	year = {2014}
}

@article{gajewski2007neg,
	author = {Gajewski, Jon Robert},
	journal = {Linguistics and philosophy},
	number = {3},
	pages = {289--328},
	publisher = {Springer},
	title = {Neg-raising and polarity},
	volume = {30},
	year = {2007}
}

@article{shimoyama2011japanese,
  title={Japanese indeterminate negative polarity items and their scope},
  author={Shimoyama, Junko},
  journal={Journal of Semantics},
  volume={28},
  number={4},
  pages={413--450},
  year={2011},
  publisher={Oxford University Press}
}

@InProceedings{Boskovic2011,
  author        = {Bo{\v{s}}kovi{\'c}, {\v{Z}}eljko and Gajewski, Jon},
  title         = {Semantic correlates of the NP/DP parameter},
  booktitle     = {Proceedings of NELS},
  year          = {2011},
  volume        = {39},
  pages         = {121--134},
  __markedentry = {[mojmir:]},
}

@Comment{jabref-meta: databaseType:bibtex;}
